<?xml version="1.0" encoding="UTF-8"?><collection xmlns="http://www.loc.gov/MARC21/slim"><record><leader>00487nam--2200169-i-4500</leader><controlfield tag="001">000010367</controlfield><controlfield tag="002">20161230</controlfield><controlfield tag="005">20161230201028</controlfield><controlfield tag="008">060222s1000------------r-----000-0-eng-d</controlfield><datafield ind1=" " ind2=" " tag="040"><subfield code="a">IFIN-HH</subfield></datafield><datafield ind1=" " ind2=" " tag="080"><subfield code="a">53.081:543.062:539.184.5</subfield></datafield><datafield ind1="1" ind2=" " tag="110"><subfield code="a">Toyota Central R &amp; D Labs</subfield></datafield><datafield ind1="1" ind2="0" tag="245"><subfield code="a">Diagrams and tables for quantitative electron probe microanalysis. epma</subfield></datafield><datafield ind1=" " ind2=" " tag="260"><subfield code="a">Nagoya</subfield><subfield code="b">Toyota Central R&amp;d Labs</subfield><subfield code="c">1970</subfield></datafield><datafield ind1=" " ind2=" " tag="300"><subfield code="a">393P</subfield></datafield><datafield ind1=" " ind2=" " tag="852"><subfield code="a">37589</subfield><subfield code="c">53.081</subfield></datafield><datafield ind1=" " ind2=" " tag="CAT"><subfield code="a">Sys</subfield><subfield code="c">20160330</subfield><subfield code="h">111812</subfield></datafield></record></collection>